<?xml version="1.0" encoding="UTF-8"?><record xmlns="http://www.loc.gov/MARC21/slim" xmlns:cinclude="http://apache.org/cocoon/include/1.0" xmlns:zs="http://www.loc.gov/zing/srw/">
  <leader>00776cz  a2200169n  4500</leader>
  <controlfield tag="001">no2003110094</controlfield>
  <controlfield tag="003">DLC</controlfield>
  <controlfield tag="005">20101006075212.0</controlfield>
  <controlfield tag="008">031031n| acannaabn          |a ana     c</controlfield>
  <datafield tag="010" ind1=" " ind2=" ">
    <subfield code="a">no2003110094</subfield>
  </datafield>
  <datafield tag="035" ind1=" " ind2=" ">
    <subfield code="a">(OCoLC)oca06193143</subfield>
  </datafield>
  <datafield tag="040" ind1=" " ind2=" ">
    <subfield code="a">N</subfield>
    <subfield code="b">eng</subfield>
    <subfield code="c">N</subfield>
    <subfield code="d">N</subfield>
  </datafield>
  <datafield tag="087" ind1=" " ind2=" ">
    <subfield code="a">PRI 306</subfield>
    <subfield code="2">nydocs</subfield>
  </datafield>
  <datafield tag="110" ind1="1" ind2=" ">
    <subfield code="a">New York (State).</subfield>
    <subfield code="b">Commission to Investigate Prison Administration and Construction</subfield>
  </datafield>
  <datafield tag="410" ind1="1" ind2=" ">
    <subfield code="a">New York (State).</subfield>
    <subfield code="b">Commission on Prison Administration and Construction</subfield>
  </datafield>
  <datafield tag="670" ind1=" " ind2=" ">
    <subfield code="a">Report by Commission to Investigate Prison Administration and Construction, 1931:</subfield>
    <subfield code="b">t.p.   (State of New York)</subfield>
  </datafield>
  <datafield tag="670" ind1=" " ind2=" ">
    <subfield code="a">OCLC, 10/31/2003:</subfield>
    <subfield code="b">(hdg.: New York (State). Commission on Prison Administration and Construction ; usage: Commission to Investigate Prison Administration and Construction)</subfield>
  </datafield>
</record>